% This file was created with JabRef 2.9b2.
% Encoding: UTF8

@BOOK{abelson,
  title = {Структура и интерпретация компьютерных программ: Пер. с англ.},
  publisher = {М.: КД «Университет»},
  year = {2010},
  author = {Абельсон, Х and Сассман, Дж. Дж.},
  language = {russian},
  pages = {608},
  owner = {vadim},
  quality = {1},
  timestamp = {2013.01.11}
}

@BOOK{albahari,
  title = {C\# 5.0. Справочник. Полное описание языка: Пер. с англ.},
  publisher = {М.: Вильямс},
  year = {2013},
  author = {Албахари, Дж. and Албахари, Б.},
  language = {russian},
  pages = {1054},
  edition = {3-е},
  owner = {vadim},
  quality = {1},
  timestamp = {2013.01.10}
}

@BOOK{aho,
  title = {Компиляторы. Принципы, технологии и инструментарий: Пер. с англ.},
  publisher = {М.: Вильямс},
  year = {2008},
  author = {Ахо, А. В. and Лам, М. С. and Сети, Р. and Ульман, Дж. Д.},
  language = {russian},
  pages = {1184},
  owner = {vadim},
  quality = {1},
  timestamp = {2013.01.11}
}

@BOOK{bryant,
  title = {Компьютерные системы: архитектура и программирование: Пер. с англ.},
  publisher = {СПб.: БХВ-Петербург},
  year = {2005},
  author = {Брайант, Р. Э. and О’Халларон, Д.},
  language = {russian},
  pages = {1186},
  owner = {vadim},
  quality = {1},
  timestamp = {2013.01.11}
}

@BOOK{cormen,
  title = {Алгоритмы. Построение и анализ: Пер. с англ.},
  publisher = {М.: Вильямс},
  year = {2012},
  author = {Кормен, Т. and Лейзерсон, Ч. and Ривест, Р. and Штайн, К.},
  language = {russian},
  pages = {1296},
  owner = {vadim},
  quality = {1},
  timestamp = {2013.01.11}
}

@BOOK{martin,
  title = {Принципы, паттерны и методики гибкой разработки на языке C\#: Пер.
	с англ.},
  publisher = {СПб.: Символ-Плюс},
  year = {2011},
  author = {Мартин, Р. С. and Мартин, М.},
  language = {russian},
  pages = {768},
  owner = {vadim},
  quality = {1},
  timestamp = {2013.01.11}
}

@BOOK{richter,
  title = {CLR via C\#. Программирование на платформе Microsoft .NET Framework
	4.0 на языке C\#: Пер. с англ.},
  publisher = {СПб.: Питер},
  year = {2012},
  author = {Рихтер, Дж.},
  language = {russian},
  pages = {928},
  owner = {vadim},
  quality = {1},
  timestamp = {2013.01.10}
}

@BOOK{skeet,
  title = {C\#. Программирование для профессионалов: Пер. с англ.},
  publisher = {М.: Вильямс},
  year = {2011},
  author = {Скит, Дж.},
  language = {russian},
  pages = {544},
  owner = {vadim},
  quality = {1},
  timestamp = {2013.01.10}
}

@BOOK{fowler,
  title = {Рефакторинг: улучшение существующего кода: Пер. с англ.},
  publisher = {СПб.: Символ-Плюс},
  year = {2003},
  author = {Фаулер, М.},
  language = {russian},
  pages = {432},
  owner = {vadim},
  quality = {1},
  timestamp = {2013.01.11}
}

@BOOK{friedl,
  title = {Регулярные выражения: Пер.  англ.},
  publisher = {СПб.: Символ-Плюс},
  year = {2008},
  author = {Фридл, Дж.},
  language = {russian},
  pages = {608},
  owner = {vadim},
  quality = {1},
  timestamp = {2013.01.10}
}

